%% This BibTeX bibliography file was created using BibDesk.
%% http://bibdesk.sourceforge.net/


%% Created for Lauro Cesar Araujo at 2015-04-27 19:43:45 -0300 


%% Saved with string encoding Unicode (UTF-8) 

@manual{talbot2012,
	Author = {Nicola L.C. Talbot},
	Date-Added = {2013-03-11 12:06:04 +0000},
	Date-Modified = {2013-03-11 12:06:56 +0000},
	Month = {Nov.},
	Title = {User Manual for glossaries.sty},
	Url = {http://mirrors.ctan.org/macros/latex/contrib/glossaries/glossaries-user.pdf},
	Urlaccessdate = {11 mar. 2013},
	Year = {2012},
	Bdsk-Url-1 = {http://mirrors.ctan.org/macros/latex/contrib/glossaries/glossaries-user.pdf}}

@book{Coulouris:2011:DSC:2029110,
 author = {Coulouris, George and Dollimore, Jean and Kindberg, Tim and Blair, Gordon},
 title = {Distributed Systems: Concepts and Design},
 year = {2011},
 isbn = {0132143011, 9780132143011},
 edition = {5th},
 publisher = {Addison-Wesley Publishing Company},
 address = {USA},
} 
